<record><leader>00000cas a22000007a 4500</leader><controlfield tag="001">16639362</controlfield><controlfield tag="008">870903d18781879ohuwr ne      0    0eng d</controlfield><datafield ind1=" " ind2=" " tag="010"><subfield code="a">sn 87075027 </subfield></datafield><datafield ind1=" " ind2=" " tag="040"><subfield code="a">ONP</subfield><subfield code="b">eng</subfield><subfield code="c">ONP</subfield><subfield code="d">OCLCQ</subfield></datafield><datafield ind1=" " ind2=" " tag="042"><subfield code="a">msc</subfield></datafield><datafield ind1="0" ind2="4" tag="245"><subfield code="a">The Shawnee journal and Straitsville news.</subfield></datafield><datafield ind1="3" ind2="0" tag="246"><subfield code="a">Journal and news</subfield></datafield><datafield ind1=" " ind2=" " tag="260"><subfield code="a">Shawnee, Ohio :</subfield><subfield code="b">Cook &amp; Davey</subfield></datafield><datafield ind1=" " ind2=" " tag="310"><subfield code="a">Weekly</subfield></datafield><datafield ind1="1" ind2=" " tag="362"><subfield code="a">Began with Jan. 17, 1878 issue; ceased in 1879?</subfield></datafield><datafield ind1=" " ind2=" " tag="588"><subfield code="a">Description based on: Vol. 1, no. 9 (Mar. 14, 1878).</subfield></datafield><datafield ind1=" " ind2=" " tag="752"><subfield code="a">United States</subfield><subfield code="b">Ohio</subfield><subfield code="c">Perry</subfield><subfield code="d">Shawnee.</subfield></datafield></record>